@book{Bowick2007-br,
  title     = "{RF} Circuit Design",
  author    = "Bowick, Christopher and Ajluni, Cheryl and Blyler, John",
  publisher = "Newnes",
  edition   =  2,
  month     =  oct,
  year      =  2007,
  address   = "London, England"
}